<?xml version="1.0" encoding="UTF-8"?>
<collection xmlns:xsi="http://www.w3.org/2001/XMLSchema-instance" xsi:schemaLocation="http://www.loc.gov/MARC21/slim http://www.loc.gov/standards/marcxml/schema/MARC21slim.xsd" xmlns="http://www.loc.gov/MARC21/slim">
<record>
  <leader>01025cam a2200241Ma 4500</leader>
  <controlfield tag="001">3076412</controlfield>
  <controlfield tag="003">NNC</controlfield>
  <controlfield tag="005">20130426015732.0</controlfield>
  <controlfield tag="008">940926m19399999ua            000 0 araod</controlfield>
  <datafield tag="035" ind1=" " ind2=" ">
    <subfield code="a">(OCoLC)ocm31681229</subfield>
  </datafield>
  <datafield tag="035" ind1=" " ind2=" ">
    <subfield code="9">ATQ0012CU</subfield>
  </datafield>
  <datafield tag="035" ind1=" " ind2=" ">
    <subfield code="a">(NNC)3076412</subfield>
  </datafield>
  <datafield tag="040" ind1=" " ind2=" ">
    <subfield code="a">NYP</subfield>
    <subfield code="c">NYP</subfield>
    <subfield code="d">ZCU</subfield>
  </datafield>
  <datafield tag="099" ind1=" " ind2=" ">
    <subfield code="a">893.7K84</subfield>
    <subfield code="a">DN5</subfield>
  </datafield>
  <datafield tag="100" ind1="1" ind2=" ">
    <subfield code="a">Nasafī, ʻAbd Allāh ibn Aḥmad,</subfield>
    <subfield code="d">-1310.</subfield>
  </datafield>
  <datafield tag="245" ind1="1" ind2="0">
    <subfield code="a">Tafsīr al-Qurʾān al-Jalīl :</subfield>
    <subfield code="b">al-musamá bi-madārik al-tanzīl wa-ḥaqāʾiq al-taʾwīl /</subfield>
    <subfield code="c">taʾlīf ʻAbd Allāh ibn Aḥmad ibn Maḥmūd al-Nasafī ; rattab hadhā al-Mujallad wa-raqqammah wa-ṣaḥḥaḥuh wa-ḍabaṭuh lughatan wa-qirāʾāt Maḥmūd Aḥmad al-Baṭrāwī, Sharaf al-Dīn Maḥmūd Khaṭṭāb.</subfield>
  </datafield>
  <datafield tag="260" ind1=" " ind2=" ">
    <subfield code="a">al-Qāhirah :</subfield>
    <subfield code="b">al-Maṭbaʻah al-Amīrīyah,</subfield>
    <subfield code="c">1939-</subfield>
  </datafield>
  <datafield tag="300" ind1=" " ind2=" ">
    <subfield code="a">v. ;</subfield>
    <subfield code="c">29 cm.</subfield>
  </datafield>
  <datafield tag="500" ind1=" " ind2=" ">
    <subfield code="a">In Arabic.</subfield>
  </datafield>
  <datafield tag="630" ind1="0" ind2="0">
    <subfield code="a">Qurʼan</subfield>
    <subfield code="v">Commentaries.</subfield>
  </datafield>
  <datafield tag="700" ind1="1" ind2=" ">
    <subfield code="a">Baṭrāwī, Maḥmūd Aḥmad.</subfield>
  </datafield>
  <datafield tag="700" ind1="1" ind2=" ">
    <subfield code="a">Khaṭṭāb, Sharaf al-Dīn Maḥmūd.</subfield>
  </datafield>
  <datafield tag="955" ind1=" " ind2=" ">
    <subfield code="b">0026814200</subfield>
    <subfield code="d">glx</subfield>
    <subfield code="e">893.7K84 DN5</subfield>
    <subfield code="v">v.2</subfield>
  </datafield>
</record>
</collection>